    @article{SherwaniJahanzeb2004Lace,
    issn = {0038-0644},
    journal = {Software, practice \& experience},
    pages = {573--590},
    volume = {34},
    publisher = {John Wiley \& Sons, Ltd},
    number = {6},
    year = {2004},
    title = {Libra: a computational economy-based job scheduling system for clusters},
    language = {eng},
    address = {Chichester, UK},
    author = {Sherwani, Jahanzeb and Ali, Nosheen and Lotia, Nausheen and Hayat, Zahra and Buyya, Rajkumar}
    }

    @incollection{HanLuRSAf,
    series = {Communications in Computer and Information Science},
    issn = {1865-0929},
    pages = {307--321},
    publisher = {Springer Nature Singapore},
    booktitle = {Intelligent Networked Things},
    isbn = {9811989141},
    title = {Resource Scheduling Algorithm for Heterogeneous High-Performance Clusters},
    copyright = {The Author(s), under exclusive license to Springer Nature Singapore Pte Ltd. 2022},
    language = {eng},
    address = {Singapore},
    author = {Han, Lu},
    }

    @incollection{BorghesiAndrea2015PCiH,
    series = {Lecture Notes in Computer Science},
    issn = {0302-9743},
    pages = {524--540},
    volume = {9255},
    publisher = {Springer International Publishing},
    booktitle = {Lecture Notes in Computer Science (including subseries Lecture Notes in Artificial Intelligence and Lecture Notes in Bioinformatics)},
    isbn = {9783319232188},
    year = {2015},
    title = {Power Capping in High Performance Computing Systems},
    copyright = {Springer International Publishing Switzerland 2015},
    language = {eng},
    address = {Cham},
    author = {Borghesi, Andrea and Collina, Francesca and Lombardi, Michele and Milano, Michela and Benini, Luca},
    }

    @article{LiHaoran2024AFio,
    issn = {1662-4548},
    journal = {Frontiers in neuroscience},
    pages = {1291051--1291051},
    volume = {17},
    publisher = {Frontiers Research Foundation},
    year = {2024},
    title = {An FPGA implementation of Bayesian inference with spiking neural networks},
    copyright = {Copyright 2024 Elsevier B.V., All rights reserved.},
    language = {eng},
    address = {Switzerland},
    author = {Li, Haoran and Wan, Bo and Fang, Ying and Li, Qifeng and Liu, Jian K. and An, Lingling},
    }

    @manual{pynqDoc,
        author = "Advanced Micro Devices",
        title = " PYNQ: Python productivity for Adaptive Computing platforms",
        url = "https://pynq.readthedocs.io/en/v3.0.0/",
        howpublished = "online",
        year = "2022",
        cited = "2024-4-22",
    }

    @misc{whatZynq,
        author = {David Horn},
        title = {What is Zynq},
        howpublished = {[online]},
        year = {rev. 2023},
        cited = {2024-4-22},
        url = {https://digilent.com/blog/what-is-zynq/}
    }

    @misc{whatPYNQ,
        author = {Advanced Micro Devices},
        title = {AMD PYNQ},
        howpublished = {[online]},
        year = {rev. 2024},
        cited = {2024-4-22},
        url = {https://www.pynq.io/}
    }

    @article{BjergeKim2021Asae,
        issn = {0141-9331},
        journal = {Microprocessors and microsystems},
        pages = {104363},
        volume = {87},
        publisher = {Elsevier B.V},
        year = {2021},
        title = {A scalable and efficient convolutional neural network accelerator using HLS for a system-on-chip design},
        copyright = {2021 Elsevier B.V.},
        language = {eng},
        address = {Kidlington},
        author = {Bjerge, Kim and Schougaard, Jonathan Horsted and Larsen, Daniel Ejnar},
        }



    @inproceedings{reichenbach2011new,
      title={A new virtual hardware laboratory for remote FPGA experiments on real hardware},
      author={Reichenbach, M and Schmidt, M and Pfundt, B and Fey, D},
      booktitle={Proceedings of the International Conference on e-Learning, e-Business, Enterprise Information Systems, and e-Government (EEE)},
      pages={1},
      year={2011},
      organization={Citeseer}
    }


    @article{monzo2021remote,
      title={Remote laboratory for online engineering education: The rlab-uoc-fpga case study},
      author={Monzo, Carlos and Cobo, Germ{\'a}n and Mor{\'a}n, Jos{\'e} Antonio and Santamar{\'\i}a, Eug{\`e}nia and Garc{\'\i}a-Sol{\'o}rzano, David},
      journal={Electronics},
      volume={10},
      number={9},
      pages={1072},
      year={2021},
      publisher={MDPI}
    }

    @inproceedings{mohsen2019remote,
      title={Remote FPGA lab for ZYNQ and virtex-7 kits},
      author={Mohsen, Abd El-Rahman and GadAlrab, Mohamed Youssef and elhaya Mahmoud, Zeina and Alshaer, Gameel and Asy, Mahmoud and Mostafa, Hassan},
      booktitle={2019 IEEE 62nd International Midwest Symposium on Circuits and Systems (MWSCAS)},
      pages={185--188},
      year={2019},
      organization={IEEE}
    }

    @misc{zynqDoc,
        author = {Advanced Micro Devices},
        title = {Zynq 7000 SoC Technical Reference Manual},
        howpublished = {[online]},
        year = {rev. 2024},
        cited = {2024-5-7},
        url = {https://docs.amd.com/r/en-US/ug585-zynq-7000-SoC-TRM/Zynq-7000-SoC-Technical-Reference-Manual}
    }

    @misc{VivadoProgram,
        author = {sleibso},
        title = {Bringing up the Avnet MicroZed with Vivado},
        howpublished = {[online]},
        year = {rev. 2021-10-14},
        cited = {2024-5-7},
        url = {https://support.xilinx.com/s/article/Bringing-up-the-Avnet-MicroZed-with-Vivado?language=en_US}
    }

    @misc{VivadoPeriferia,
            author = {sleibso},
            title = {Adam Taylorâ€™s MicroZed Chronicles: Setting the SW Scene},
            howpublished = {[online]},
            year = {rev. 2021-11-08},
            cited = {2024-5-7},
            url = {https://support.xilinx.com/s/article/364777?language=en_US}
        }
    